% This file was created with JabRef 2.7b.
% Encoding: UTF-8
% Ref: https://verbosus.com/bibtex-style-examples.html

@Misc{osgi,
author = {OSGi Alliance},
title = {Architecture},

howpublished = {\url{https://www.osgi.org/developer/architecture/}},
note = {Acesso em dez. 2015}
}

@Misc{arduino-comp1,
author = {Arduino.cc},
title = {Unofficial list of 3rd party boards support urls},

howpublished = {\url{https://github.com/arduino/Arduino/wiki/Unofficial-list-of-3rd-party-boards-support-urls}},
note = {Acesso em dez. 2015}
}

@Misc{arduino-comp2,
author = {Wikipedia.org},
title = {List of Arduino boards and compatible systems},

howpublished = {\url{https://en.wikipedia.org/wiki/List_of_Arduino_boards_and_compatible_systems}},
note = {Acesso em dez. 2015}
}

@Misc{arduino-comp3,
author = {Arduino.cc},
title = {Arduino and Arduino-Compatible Hardware},

howpublished = {\url{http://playground.arduino.cc/Main/SimilarBoards}},
note = {Acesso em dez. 2015}
}


@Misc{key-esp,
author = {ESP8266.com},
title = {ESP8266 Community Forum},

howpublished = {\url{http://www.esp8266.com}},
note = {Acesso em dez. 2015}
}


@Misc{key-sysfs,
author = {Linux Kernel Organization},
title = {GPIO Sysfs Interface for Userspace},

howpublished = {\url{https://www.kernel.org/doc/Documentation/gpio/sysfs.txt}},
note = {Acesso em dez. 2015}
}


@Misc{key-dnssd,
author = {RFC-Base.org},
title = {DNS-Based Service Discovery},

howpublished = {\url{http://www.rfc-base.org/rfc-6763.html}},
note = {Acesso em dez. 2015}
}

@Misc{key-keepa,
author = {Victor C. Zandy, Barton P. Miller},
title = {Reliable Network Connections},

howpublished = {\url{ftp://ftp.cs.wisc.edu/pub/paradyn/technical_papers/rocks.pdf}},
note = {Acesso em dez. 2015}
}

@Article{key-eventd,
author = {Eugster, P. T., Felber, P. A., Guerraoui, R.and Kermarrec, A.-M.},
title = {The many faces of publish/subscribe},
journal = {ACM Comput. Surv.},
year = {2003},
volume = {35},
number = {2},
pages = {114 – 131}
}

@Article{pool,
author = {Pietzuch, P. and Bacon, J.},
title = {Hermes: a distributed event-based middleware architecture},
journal = {Proceedings of 22nd International Conference on Distributed Computing Systems Workshops},
year = {2002},
pages = {611–618}
}



@inproceedings{key-poll2,
 author = {Maquelin, Olivier and Gao, Guang R. and Hum, Herbert H. J. and Theobald, Kevin B. and Tian, Xin-Min},
 title = {Polling Watchdog: Combining Polling and Interrupts for Efficient Message Handling},
 booktitle = {Proceedings of the 23rd Annual International Symposium on Computer Architecture},
 series = {ISCA '96},
 year = {1996},
 isbn = {0-89791-786-3},
 location = {Philadelphia, Pennsylvania, USA},
 pages = {179--188},
 numpages = {10},
 url = {http://doi.acm.org/10.1145/232973.232992},
 doi = {10.1145/232973.232992},
 acmid = {232992},
 publisher = {ACM},
 address = {New York, NY, USA},
} 


@Misc{key-isr,
author = {Schwager M.},
title = {Pin Change Interrupt Timing},
howpublished = {\url{https://github.com/GreyGnome/EnableInterrupt/blob/master/Interrupt%20Timing.pdf}},
note = {Acesso em dez. 2015}
}



@Misc{key-JSR-80,
author = {JCP},
title = {JSR 80: Java USB API},

howpublished = {\url{https://jcp.org/en/jsr/detail?id=80}},
note = {Acesso em dez. 2015}
}

@Misc{key-JSR-82,
author = {JCP},
title = {JSR 82: Java APIs for Bluetooth},

howpublished = {\url{https://jcp.org/ja/jsr/detail?id=82}},
note = {Acesso em dez. 2015}
}


@Misc{key-JSR-356,
author = {JCP},
title = {JSR 356: Java API for WebSocket},

howpublished = {\url{https://jcp.org/en/jsr/detail?id=356}},
note = {Acesso em dez. 2015}
}

@Misc{key-ws-1,
author = {Internet Engineering Task Force (IETF)},
title = {The WebSocket Protocol},

howpublished = {\url{https://tools.ietf.org/html/rfc6455}},
note = {Acesso em dez. 2015}
}

@Misc{key-ws-2,
author = {World Wide Web Consortium (W3C)},
title = {The WebSocket API},

howpublished = {\url{http://dev.w3.org/html5/websockets/}},
note = {Acesso em dez. 2015}
}


@Misc{key-arduino,
author = {M. Banzi, D. Cuartielles, T. Igoe, G. Martino,and D. Mellis},
title = {Arduino},

howpublished = {\url{http://arduino.cc/}},
note = {Acesso em dez. 2015}
}

@Misc{spi1,
author = {Grusin M.},
title = {Serial Peripheral Interface (SPI)},

howpublished = {\url{https://learn.sparkfun.com/tutorials/serial-peripheral-interface-spi}},
note = {Acesso em dez. 2015}
}

@Misc{spi2,
author = {Texas Instruments},
title = { KeyStone Architecture Serial Peripheral Interface (SPI) User Guide},

howpublished = {\url{http://www.ti.com/lit/ug/sprugp2a/sprugp2a.pdf}},
note = {Acesso em dez. 2015}
}

@Misc{openwrt-yun,
author = {Arduino.cc},
title = {A custom version of OpenWrt, targeted to the Arduino Yún},

howpublished = {\url{https://github.com/arduino/openwrt-yun}},
note = {Acesso em dez. 2015}
}

@Misc{MFRC522,
author = {NXP},
title = {MFRC522 Standard 3V MIFARE reader solution data sheet},

howpublished = {\url{http://www.nxp.com/documents/data_sheet/MFRC522.pdf}},
note = {Acesso em dez. 2015}
}

@Misc{lib-mqtt,
author = {O'Leary M.},
title = {A client library for the Arduino Ethernet Shield that provides support for MQTT},

howpublished = {\url{https://github.com/knolleary/pubsubclient}},
note = {Acesso em dez. 2015}
}

@Misc{lib-MFRC522,
author = {Balboa M.},
title = {Arduino RFID Library for MFRC522},

howpublished = {\url{https://github.com/miguelbalboa/rfid}},
note = {Acesso em dez. 2015}
}

@Misc{mapdb,
author = {Kotek .J},
title = {MapDB: Database Engine},

howpublished = {\url{http://www.mapdb.org/}},
note = {Acesso em dez. 2015}
}


@INPROCEEDINGS{Luckenbach2005,
    author = {Thomas Luckenbach and Peter Gober and Stefan Arbanowski and Andreas Kotsopoulos and Kyle Kim},
    title = {TinyREST - A protocol for Integrating Sensor Networks into the Internet},
    booktitle = {Proc. of REALWSN},
    year = {2005}
}


@Book{ZShelby2009,
author = {Z. Shelby and C. Bormann},
title = {6LoWPAN: The Wireless Embedded Internet},
publisher = {Wiley},
year = {2009}

}

@article{Haartsen:1998,
 author = {Haartsen, Jaap and Naghshineh, Mahmoud and Inouye, Jon and Joeressen, Olaf J. and Allen, Warren},
 title = {Bluetooth: Vision, Goals, and Architecture},
 journal = {SIGMOBILE Mob. Comput. Commun. Rev.},
 issue_date = {October 1998},
 volume = {2},
 number = {4},
 month = oct,
 year = {1998},
 issn = {1559-1662},
 pages = {38--45},
 numpages = {8},
 url = {http://doi.acm.org/10.1145/1321400.1321402},
 doi = {10.1145/1321400.1321402},
 acmid = {1321402},
 publisher = {ACM},
 address = {New York, NY, USA},
} 

@booklet{Bluetooth2004,
	title        = {In Specificaton of the Bluetooth System},
	author       = {Bluetooth™}, 
	howpublished = {IEEE: Piscataway},
	address      = {New Jersey},
	year         = 2004,
	note         = {}
}

@manual{BluetoothSpecv1,
	title        = {Bluetooth Core Specification},
	author       = {Bluetooth SIG (Special Interest Group)}, 
	organization = {The organization},
	address      = {},
	edition      = 1,
	month        = dec,
	year         = 1999,
	note         = {Core v1.0 B}
}

@Misc{BluetoothCore,
	author = {Bluetooth SIG},
	title = {Bluetooth Core Specification},
	howpublished = {\url{https://www.bluetooth.com/specifications/bluetooth-core-specification}},
	note = {Acesso em jan. 2016}
}

@INPROCEEDINGS{Chou1992, 
author={Chou, P. and Ortega, R. and Borriello, G.}, 
booktitle={Computer-Aided Design, 1992. ICCAD-92. Digest of Technical Papers., 1992 IEEE/ACM International Conference on}, 
title={Synthesis of the hardware/software interface in microcontroller-based systems}, 
year={1992}, 
pages={488-495}, 
keywords={data structures;logic CAD;microcontrollers;code size;data structures;device driver routines;hardware/software interface;microcontroller-based systems;port allocation algorithm;Data structures;Design automation;Microcontrollers}, 
doi={10.1109/ICCAD.1992.279322}, 
month={Nov}
}

@book{Gadre2000,
  title={Programming and Customizing the AVR Microcontroller},
  author={Gadre, D.},
  isbn={9780071346665},
  lccn={00059452},
  url={https://books.google.com.br/books?id=ekSArRLVN3MC},
  year={2000},
  publisher={McGraw-Hill Education}
}

@book{MilanVerle2008,
  title={PIC Microcontrollers},
  author={Milan Verle},
  isbn={9780071346665},
  url={http://www.mikroe.com/products/view/11/book-pic-microcontrollers/},
  year={mikroElektronika},
  publisher={McGraw-Hill Education}
}

@book{Noergaar2005,
  title={Embedded Systems Architecture: A Comprehensive Guide for Engineers and Programmers},
  author={Noergaard, T.},
  isbn={9780750677929},
  lccn={2005297374},
  series={Electronics \& Electrical},
  url={https://books.google.com.br/books?id=M0g0GjY5IWQC},
  year={2005},
  publisher={Elsevier/Newnes}
}


@Misc{url-efxkits,
	author = {Tarun Agarwal},
	title = {A Brief About Embedded System their Classifications and Applications},
	howpublished = {\url{https://www.efxkits.us/classification-of-embedded-systems}},
	note = {Acesso em jan. 2016}
}

@book{arduino:evans:2013,
  title={Arduino in Action},
  author={Evans, M. and Noble, J. and Hochenbaum, J.},
  isbn={9781617290244},
  series={Running Series},
  url={https://books.google.com.br/books?id=K6\_6pwAACAAJ},
  year={2013},
  publisher={Manning}
}

@book{arduino:wheat:2012,
  title={Arduino Internals},
  author={Wheat, D.},
  isbn={9781430238836},
  series={SpringerLink : B{\"u}cher},
  url={https://books.google.com.br/books?id=U6EtJwBzY1oC},
  year={2012},
  publisher={Apress}
}

@book{arduino:barrett:2012,
  title={Arduino Microcontroller: Processing for Everyone! Second Edition},
  author={Barrett, S.},
  isbn={9781608458608},
  series={Synthesis Lectures on Digital Circuits and Systems},
  url={https://books.google.com.br/books?id=8rlCCQAAQBAJ},
  year={2012},
  publisher={Morgan \& Claypool Publishers}
}

@Misc{url:arduino:bord,
	author = {Arduino.cc},
	title = {Arduino/Genuino Uno Board Anatomy},
	howpublished = {\url{https://www.arduino.cc/en/Guide/BoardAnatomy}},
	note = {Acesso em dez. 2015}
}

@Misc{url:arduino:intro,
	author = {Arduino.cc},
	title = {What is Arduino?},
	howpublished = {\url{https://www.arduino.cc/en/Guide/Introduction}},
	note = {Acesso em dez. 2015}
}

@Misc{url:esp8266:espressif,
	author = {Espressif Systems},
	title = {The ESP8266},
	
	howpublished = {\url{http://espressif.com/en/products/esp8266/}},
	note = {Acesso em jan. 2016}
}

@manual{esp8266:datasheet,
    organization  = "Espressif Systems",
    title         = "ESP8266EX Datasheet",
    year          =  2015,
    month         =  Jun,
    note          = "Version 4.3"
}

@Misc{url:raspberry,
	author = {Raspberry Pi},
	title = {Website},
	
	howpublished = {\url{https://www.raspberrypi.org}},
	note = {Acesso em jan. 2016}
}

@Misc{img:raspberry,
	author = {Lucasbosch},
	title = {Raspberry Pi B+ Image},
	
	howpublished = {\url{https://commons.wikimedia.org/wiki/File:Raspberry_Pi_B%2B_top.jpg}},
	note = {Acesso em jan. 2016}
}

@Misc{img:BeagleBone,
	author = {BeagleBone Foundation},
	title = {BeagleBone Black Image},
	
	howpublished = {\url{http://beagleboard.org/media}},
	note = {Acesso em jan. 2016}
}


@inproceedings{Khoo2010,
 author = {Khoo, Benjamin},
 title = {RFID - from Tracking to the Internet of Things: A Review of Developments},
 booktitle = {Proceedings of the 2010 IEEE/ACM Int'L Conference on Green Computing and Communications \& Int'L Conference on Cyber, Physical and Social Computing},
 series = {GREENCOM-CPSCOM '10},
 year = {2010},
 isbn = {978-0-7695-4331-4},
 pages = {533--538},
 numpages = {6},
 url = {http://dx.doi.org/10.1109/GreenCom-CPSCom.2010.22},
 doi = {10.1109/GreenCom-CPSCom.2010.22},
 acmid = {1953460},
 publisher = {IEEE Computer Society},
 address = {Washington, DC, USA},
 keywords = {RFID, Internet of Things},
} 

@article{Roberts2006,
	title = "Radio frequency identification (RFID) ",
	journal = "Computers \& Security ",
	volume = "25",
	number = "1",
	pages = "18 - 26",
	year = "2006",
	note = "",
	issn = "0167-4048",
	doi = "http://dx.doi.org/10.1016/j.cose.2005.12.003",
	url = "http://www.sciencedirect.com/science/article/pii/S016740480500204X"
}

@ARTICLE{Chawla2007, 
	author={Chawla, V. and Dong Sam Ha}, 
	journal={Communications Magazine, IEEE}, 
	title={An overview of passive RFID}, 
	year={2007}, 
	volume={45}, 
	number={9}, 
	pages={11-17}, 
	doi={10.1109/MCOM.2007.4342873}, 
	ISSN={0163-6804}, 
	month={September}
}

@book{Salim2013,
  title={The definitive guide to HTML5 WebSocket},
  author={Wang, Vanessa and Salim, Frank and Moskovits, Peter},
  volume={1},
  year={2013},
  publisher={Springer}
}

@article{Fette2011,
  title={The websocket protocol},
  author={Fette, Ian and Melnikov, Alexey},
  year={2011}
}

@article{Shelby2014,
	title={The constrained application protocol (CoAP)},
	author={Shelby, Zach and Hartke, Klaus and Bormann, Carsten},
	year={2014},
	howpublished = {\url{https://tools.ietf.org/html/rfc7252}}
}

@Misc{img:Shelby2014,
	author = {SHELBY, Zach},
	title = {CoAP: the Web of things protocol},
	
	howpublished = {\url{http://pt.slideshare.net/zdshelby/coap-tutorial}},
	note = {Acesso em jan. 2016}
}

@article{Ashton2009,
  title={That 'Internet of Things' Thing},
  author={Ashton, Kevin},
  journal={RFiD Journal},
  volume={22},
  number={7},
  pages={97-114},
  year={2009}
}

@article{GoldmanSachs2014,
  title={The Internet of Things: Making sense of the next mega-trend},
  author={Jankowski, Simona and Covello, James and Bellini, Heather and Ritchie, Joe and Costa, Daniela},
  journal={Goldman Sachs},
  year={2014}
}

@incollection{mattern2010,
  title={From the Internet of Computers to the Internet of Things},
  author={Mattern, Friedemann and Floerkemeier, Christian},
  booktitle={From active data management to event-based systems and more},
  pages={242--259},
  year={2010},
  publisher={Springer}
}

@incollection{teixeira2011,
  title={Service oriented middleware for the internet of things: a perspective},
  author={Teixeira, Thiago and Hachem, Sara and Issarny, Val{\'e}rie and Georgantas, Nikolaos},
  booktitle={Towards a Service-Based Internet},
  pages={220--229},
  year={2011},
  publisher={Springer}
}

@inproceedings{yang2010,
  title={A Survey of the Internet of Things},
  author={Yang, De-Li and Liu, Feng and Liang, Yi-Duo},
  booktitle={Proceedings of the 1st International Conference on E-Business Intelligence (ICEBI2010),},
  year={2010},
  organization={Atlantis Press}
}

@article{Katasonov2008,
  title={Smart Semantic Middleware for the Internet of Things.},
  author={Katasonov, Artem and Kaykova, Olena and Khriyenko, Oleksiy and Nikitin, Sergiy and Terziyan, Vagan Y}
}

@article{Bandyopadhyay2011,
  title={Role of middleware for internet of things: A study},
  author={Bandyopadhyay, Soma and Sengupta, Munmun and Maiti, Souvik and Dutta, Subhajit},
  journal={International Journal of Computer Science and Engineering Survey},
  volume={2},
  number={3},
  year={2011},
  publisher={Academy \& Industry Research Collaboration Center(AIRCC)}
}

@Misc{santos2014,
  title={A internet das coisas e a TAR: onde est{\'a} o homem?},
  author={Santos, Vinicius},
  journal={Tem{\'a}tica},
  volume={9},
  number={10},
  year={2014},
  howpublished = {\url{http://periodicos.ufpb.br/index.php/tematica/article/download/21420/11827}},
  note = {Acesso em jan. 2016}
}

@misc{url:computerworld:2015,
author={COMPUTERWORLD},
title={Internet das Coisas: o cenário atual e o que esperar do futuro digital},
howpublished = {\url{http://goo.gl/uSlVCm}},
note = {Acesso em jan. 2016}
}

@misc{url:webintel:2015,
author={WebIntel by Ironpaper},
title={Internet of Things Market Statistics - 2015 - IoT stats},
howpublished = {\url{http://www.ironpaper.com/webintel/articles/internet-things-market-statistics-2015/}},
note = {Acesso em jan. 2016}
}

@misc{url:cisco:iot:2015,
author={Cisco},
title={How Service Providers Can Help Businesses to Realize the Promise of the IoT Revolution},
howpublished = {\url{https://www.cisco.com/c/dam/en/us/solutions/collateral/service-provider/mobile-internet/iotwf-whitepaper-realize-promise-iot-revolution.pdf}},
note = {Acesso em jan. 2016}
}

@misc{electronicdesign:2016,
author={Sutaria, Ronak and Govindachari, Raghunath},
title={Understanding The Internet Of Things},
howpublished = {\url{http://electronicdesign.com/iot/understanding-internet-things}},
note = {Acesso em jan. 2016}
}

@misc{java.com:2016,
author={Oracle},
title={Java Website - About},
howpublished = {\url{https://www.java.com/en/about/}},
year={2016},
note = {Acesso em jan. 2016}
}

@misc{Wiring:2016,
author={Wiring},
title={Website},
howpublished = {\url{http://Wiring.org.co}},
year={2016},
note = {Acesso em jan. 2016}
}

@misc{Processing:2016,
author={Processing},
title={Website},
howpublished = {\url{http://www.processing.org}},
year={2016},
note = {Acesso em jan. 2016}
}

@misc{arduino:source,
author={Arduino.cc},
title={Código fonte da IDE do Arduino},
howpublished = {\url{https://github.com/arduino/Arduino}},
year={2016},
note = {Acesso em jan. 2016}
}

@misc{arduino:ref,
author={Arduino.cc},
title={Arduino - Reference },
howpublished = {\url{https://www.arduino.cc/en/Reference/HomePage}},
year={2016},
note = {Acesso em jan. 2016}
}

@misc{raspberry:compatible,
author={elinux.org},
title={RPi Distributions},
howpublished = {\url{http://elinux.org/RPi_Distributions}},
year={2016},
note = {Acesso em jan. 2016}
}


@misc{raspberry:compatible1,
author={Microsoft},
title={Windows 10 IoT Core},
howpublished = {\url{http://ms-iot.github.io/content/en-US/Downloads.htm}},
year={2016},
note = {Acesso em jan. 2016}
}

@misc{raspberry:langs,
author={elinux.org},
title={Raspberry Pi Programming},
howpublished = {\url{http://elinux.org/Raspberry_Pi_Programming}},
year={2016},
note = {Acesso em jan. 2016}
}

@misc{raspberry:os,
author={Raspbian},
title={Website},
howpublished = {\url{https://www.raspbian.org/}},
year={2016},
note = {Acesso em jan. 2016}
}

@misc{raspberry:javafx,
author={Oracle},
title={Using a Raspberry Pi to Deploy JavaFX Applications},
howpublished = {\url{http://www.oracle.com/webfolder/technetwork/tutorials/obe/java/RaspberryPiFX/raspberryfx.html#section4}},
year={2016},
note = {Acesso em jan. 2016}
}

@misc{device-io:wiki,
author={OpenJDK},
title={Device I/O Wiki},
howpublished = {\url{https://wiki.openjdk.java.net/display/dio/Main}},
year={2016},
note = {Acesso em jan. 2016}
}

@misc{java:embeded,
author={Oracle},
title={ORACLE JAVA ME EMBEDDED},
howpublished = {\url{http://www.oracle.com/technetwork/java/embedded/javame/embed-me/overview/index.html}},
year={2016},
note = {Acesso em jan. 2016}
}

@misc{raspberry:pi4j,
author={Pi4J},
title={Website},
howpublished = {\url{http://pi4j.com/}},
year={2016},
note = {Acesso em jan. 2016}
}

@misc{beagleboard,
author={BeagleBone Foundation},
title={Website},
howpublished = {\url{http://beagleboard.org/}},
year={2016},
note = {Acesso em jan. 2016}
}

@misc{beagleboard:libbulldog,
author={Bulldog},
title={Website},
howpublished = {\url{https://github.com/Datenheld/Bulldog}},
year={2016},
note = {Acesso em jan. 2016}
}

@misc{esp8266:cadence,
author={Cadence},
title={Xtensa Customizable Processors},
howpublished = {\url{http://ip.cadence.com/ipportfolio/tensilica-ip/xtensa-customizable?CMP=pr012815_Espressif}},
year={2016},
note = {Acesso em jan. 2016}
}

@misc{esp8266:modules,
author={Esp8266.com},
title={ESP8266 Wiki - Modules},
howpublished = {\url{http://www.esp8266.com/wiki/doku.php?id=esp8266-module-family}},
year={2016},
note = {Acesso em jan. 2016}
}

@misc{esp8266:source,
author={Epressif},
title={ESP8266 Github},
howpublished = {\url{https://github.com/espressif}},
year={2016},
note = {Acesso em jan. 2016}
}

@misc{esp8266:sdk,
author={Epressif},
title={ESP8266 SDK},
howpublished = {\url{https://github.com/esp8266/esp8266-wiki/tree/master/sdk}},
year={2016},
note = {Acesso em jan. 2016}
}

@misc{esp8266:nodemcu,
author={NodeMCU},
title={Website},
howpublished = {\url{http://nodemcu.com/}},
year={2016},
note = {Acesso em jan. 2016}
}

@misc{esp8266:espruino,
author={Espruino},
title={Website},
howpublished = {\url{https://github.com/espruino/Espruino}},
year={2016},
note = {Acesso em jan. 2016}
}

@misc{esp8266:arduino,
author={ESP8266 Community},
title={ESP8266 core for Arduin},
howpublished = {\url{https://github.com/esp8266/Arduino}},
year={2016},
note = {Acesso em jan. 2016}
}

@phdthesis{hill2003,
  title={System architecture for wireless sensor networks},
  author={Hill, Jason Lester},
  year={2003},
  school={University of California, Berkeley}
}
@article{olafsen2007,
  title={Wireless Sensor Network Localisation Strategies},
  author={Olafsen, H{\aa}kon Kl{\o}vstad},
  year={2007}
}

@article{akyildiz2002,
  title={Wireless sensor networks: a survey},
  author={Akyildiz, Ian F and Su, Weilian and Sankarasubramaniam, Yogesh and Cayirci, Erdal},
  journal={Computer networks},
  volume={38},
  number={4},
  pages={393--422},
  year={2002},
  publisher={Elsevier}
}

@inproceedings{heinzelman2000,
  title={Energy-efficient communication protocol for wireless microsensor networks},
  author={Heinzelman, Wendi Rabiner and Chandrakasan, Anantha and Balakrishnan, Hari},
  booktitle={System sciences, 2000. Proceedings of the 33rd annual Hawaii international conference on},
  pages={10--pp},
  year={2000},
  organization={IEEE}
}

@inproceedings{intanagonwiwat2000,
  title={Directed diffusion: a scalable and robust communication paradigm for sensor networks},
  author={Intanagonwiwat, Chalermek and Govindan, Ramesh and Estrin, Deborah},
  booktitle={Proceedings of the 6th annual international conference on Mobile computing and networking},
  pages={56--67},
  year={2000},
  organization={ACM}
}

@inproceedings{perillo2003:1,
  title={Providing application QoS through intelligent sensor management},
  author={Perillo, Mark and Heinzelman, Wendi B},
  booktitle={Sensor Network Protocols and Applications, 2003. Proceedings of the First IEEE. 2003 IEEE International Workshop on},
  pages={93--101},
  year={2003},
  organization={IEEE}
}

@inproceedings{perillo2003:2,
  title={Optimal sensor management under energy and reliability constraints},
  author={Perillo, Mark A and Heinzelman, Wendi B},
  booktitle={Wireless Communications and Networking, 2003. WCNC 2003. 2003 IEEE},
  volume={3},
  pages={1621--1626},
  year={2003},
  organization={IEEE}
}

@article{nemoto2012,
  title={Implementation of radio frequency identification technology in multinational companies: a Brazilian case study},
  author={Nemoto, Miriam Christi Midori Oishi and de Vasconcellos, Eduardo Pinheiro Gondim and Oishi, Michitoshi},
  journal={International Journal of Management},
  volume={29},
  number={4},
  pages={554},
  year={2012},
  publisher={International Journal of Management}
}

@article{zhu2012review,
  title={A review of RFID technology and its managerial applications in different industries},
  author={Zhu, Xiaowei and Mukhopadhyay, Samar K and Kurata, Hisashi},
  journal={Journal of Engineering and Technology Management},
  volume={29},
  number={1},
  pages={152--167},
  year={2012},
  publisher={Elsevier}
}

@techreport{RFIDForecasts2007,
  author       = {Raghu Das, Dr. Peter Harrop}, 
  title        = {Players \& Opportunities 2007-2017},
  institution  = {RFID Forecasts},
  year         = 2007,
  howpublished = {\url{www.idtechex.com/products/en/view.asp?productcategoryid=119}},
  note = {Acesso em jan. 2016}
}

@inproceedings{ngo2007,
  title={Service-oriented architecture for home networks},
  author={Ngo, Long},
  booktitle={Seminar on Internetworking},
  pages={1--6},
  year={2007}
}

@article{alliance2007,
  title={ZigBee home automation public application profile},
  author={Alliance, ZigBee},
  journal={IEEE J. Select. Areas Commun},
  year={2007}
}

@article{hwang2012,
  title={Remote monitoring and controlling system based on ZigBee networks},
  author={Hwang, Soyoung and Yu, Donghui},
  journal={International Journal of Software Engineering and Its Applications},
  volume={6},
  number={3},
  pages={35--42},
  year={2012},
  publisher={Citeseer}
}


@article{gomez2010wireless,
  title={Wireless home automation networks: A survey of architectures and technologies},
  author={Gomez, Carles and Paradells, Josep},
  journal={IEEE Communications Magazine},
  volume={48},
  number={6},
  pages={92--101},
  year={2010},
  publisher={IEEE Press}
}

@misc{alliance11smart,
  title={Smart Energy Profile Specification, version1. 0},
  author={Alliance, Zigbee},
  publisher={March}
}

@article{bluetooth2010,
  title={Bluetooth core specification version 4.0},
  author={Bluetooth, SIG},
  journal={Specification of the Bluetooth System},
  year={2010}
}

@misc{bluetooth2010:site,
  title={Bluetooth Core Specification},
  author={Bluetooth, SIG},
  year={2010},
  howpublished = {\url{https://developer.bluetooth.org/TechnologyOverview/Pages/core-specification.aspx}},
  note = {Acesso em jan. 2016}
}


@manual{zwave:protocol2006,
	title        = {Z-Wave Protocol Overview },
	author       = {JFR}, 
	organization = {Zensys A/S},
	address      = {},
	month        = abr,
	year         = 2006,
	note         = {Version 2}
}

@misc{ieee1997wireless,
  title={Wireless LAN medium access control (MAC) and physical layer (PHY) specifications},
  author={IEEE Computer Society LAN MAN Standards Committee and others},
  year={1997},
  publisher={IEEE Std}
}

@INPROCEEDINGS{Garroppo2011, 
author={Garroppo, R.G. and Gazzarrini, L. and Giordano, S. and Tavanti, L.}, 
booktitle={World of Wireless, Mobile and Multimedia Networks (WoWMoM), 2011 IEEE International Symposium on a}, 
title={Experimental assessment of the coexistence of Wi-Fi, ZigBee, and Bluetooth devices}, 
year={2011}, 
pages={1-9}, 
doi={10.1109/WoWMoM.2011.5986182}, 
month={June},
}

@misc{wifi:zigbee,
  title={WiFi Rides 900 MHz, Attacking Zigbee},
  author={Rick Merritt},
  year={2013},
  howpublished = {\url{http://www.eetimes.com/document.asp?doc_id=1319364}},
  note = {Acesso em jan. 2016}
}

@article{molisch2004ieee,
  title={IEEE 802.15. 4a channel model-final report},
  author={Molisch, Andreas F and Balakrishnan, Kannan and Cassioli, Dajana and Chong, Chia-Chin and Emami, Shahriar and Fort, Andrew and Karedal, Johan and Kunisch, Juergen and Schantz, Hans and Schuster, Ulrich and others},
  journal={IEEE P802},
  volume={15},
  number={04},
  pages={0662},
  year={2004},
  publisher={Citeseer}
}

@article{hui2012routing,
  title={The routing protocol for low-power and lossy networks (rpl) option for carrying rpl information in data-plane datagrams},
  author={Hui, Jonathan W},
  year={2012}
}

@article{angrisani2008experimental,
  title={Experimental study of coexistence issues between IEEE 802.11 b and IEEE 802.15. 4 wireless networks},
  author={Angrisani, Leopoldo and Bertocco, Matteo and Fortin, Daniele and Sona, Alessandro},
  journal={Instrumentation and Measurement, IEEE Transactions on},
  volume={57},
  number={8},
  pages={1514--1523},
  year={2008},
  publisher={IEEE}
}

@article{Goldman2014,
  title={The Internet of Things: Making sense of the next mega-trend},
  author={Jankowski, Simona and Covello, James and Bellini, Heather and Ritchie, Joe and Costa, Daniela},
  journal={Goldman Sachs},
  year={2014}
}

@phdthesis{fielding2000architectural,
  title={Architectural styles and the design of network-based software architectures},
  author={Fielding, Roy Thomas},
  year={2000},
  school={University of California, Irvine}
}


@misc{ibm:rest,
  title={Entenda o Representational State Transfer (REST) no Ruby},
  author={M. Tim Jones},
  year={2012},
  howpublished = {\url{http://www.ibm.com/developerworks/br/library/os-understand-rest-ruby/}},
  note = {Acesso em jan. 2016}
}

@misc{coap:ietf2016,
  title={Constrained RESTful Environments},
  author={IETF},
  year={2016},
  howpublished = {\url{https://datatracker.ietf.org/doc/charter-ietf-core/}},
  note = {Acesso em jan. 2016}
}

@misc{mqtt:oasis,
  title={MQTT Version 3.1.1},
  author={OASIS},
  year={2014},
  howpublished = {\url{https://www.oasis-open.org/news/announcements/mqtt-version-3-1-1-becomes-an-oasis-standard}},
  note = {Acesso em jan. 2016}
}

@misc{mqtt:spec,
  title={MQTT Version 3.1.1 becomes an OASIS Standard},
  author={OASIS},
  year={2014},
  howpublished = {\url{http://docs.oasis-open.org/mqtt/mqtt/v3.1.1/os/mqtt-v3.1.1-os.html}},
  note = {Acesso em jan. 2016}
}

@misc{img:mqtt:oracle,
  title={Figure 2–3 Simple Publish/Subscribe Messaging},
  author={Oracle},
  year={2010},
  howpublished = {\url{https://docs.oracle.com/cd/E19587-01/821-0028/6nl41ccqd/index.html}},
  note = {Acesso em jan. 2016}
}

@Misc{img:mqtt:peter,
	author = {Peter R. Egli},
	title = {MQTT - MQ Telemetry Transport for Message Queueing},
	
	howpublished = {\url{http://www.slideshare.net/PeterREgli/mq-telemetry-transport/9}},
	note = {Acesso em jan. 2016}
}

@book{mahmoud2004middleware,
  title={Middleware for communications},
  author={Mahmoud, Qusay H},
  year={2004},
  publisher={Wiley Online Library}
}

@article{ETSI2006,
  title={Achieving technical interoperability},
  author={van der Veer, Hans and Wiles, Anthony},
  journal={European Telecommunications Standards Institute},
  year={2008}
}

@misc{w3c:soa,
  title={W3C - Web Services Glossary},
  author={H. Haas, W3c working group, A. Brown, and Microsoft},
  year={2004},
  howpublished = {\url{http://www.w3.org/TR/2004/NOTE-ws-gloss-20040211/}},
  note = {Acesso em jan. 2016}
}

@article{driscoll2009devices,
  title={Devices profile for web services version 1.1},
  author={Driscoll, Dan and Mensch, Antoine and Nixon, Toby and Regnier, Alain},
  journal={OASIS Standard, July},
  volume={1},
  pages={4},
  year={2009}
}

@article{weiser1999origins,
  title={The origins of ubiquitous computing research at PARC in the late 1980s},
  author={Weiser, Mark and Gold, Rich and Brown, John Seely},
  journal={IBM systems journal},
  volume={38},
  number={4},
  pages={693},
  year={1999},
  publisher={International Business Machines Corporation}
}

@inproceedings{schilit1994context,
  title={Context-aware computing applications},
  author={Schilit, Bill and Adams, Norman and Want, Roy},
  booktitle={Mobile Computing Systems and Applications, 1994. WMCSA 1994. First Workshop on},
  pages={85--90},
  year={1994},
  organization={IEEE}
}

@article{hauswirth2006middleware,
  title={Middleware support for the" Internet of Things"},
  author={Hauswirth, Manfred and Aberer, Karl},
  year={2006}
}

@incollection{roalter2010middleware,
  title={A middleware for intelligent environments and the internet of things},
  author={Roalter, Luis and Kranz, Matthias and M{\"o}ller, Andreas},
  booktitle={Ubiquitous Intelligence and Computing},
  pages={267--281},
  year={2010},
  publisher={Springer}
}

@inproceedings{kim2014openiot,
  title={OpenIoT: An open service framework for the Internet of Things},
  author={Kim, Jaeho and Lee, Jang-Won},
  booktitle={Internet of Things (WF-IoT), 2014 IEEE World Forum on},
  pages={89--93},
  year={2014},
  organization={IEEE}
}


@Misc{eclipse:iot,
	author = {Eclipse IoT},
	title = {Website},
	
	howpublished = {\url{http://iot.eclipse.org}},
    note = {Acesso em jan. 2016}
}

@Misc{eclipse:iot:projects,
	author = {Eclipse IoT},
	title = {Projects},
	
	howpublished = {\url{http://iot.eclipse.org/projects}},
    note = {Acesso em jan. 2016}
}




@article{swetina2014toward,
  title={Toward a standardized common M2M service layer platform: Introduction to oneM2M},
  author={Swetina, Jorg and Lu, Guang and Jacobs, Patricia and Ennesser, Francois and Song, JAESEUNG},
  journal={Wireless Communications, IEEE},
  volume={21},
  number={3},
  pages={20--26},
  year={2014},
  publisher={IEEE}
}

@Misc{BUTLER,
	author = {BUTLER},
	title = {Website},
	
	howpublished = {\url{http://www.iot-butler.eu}},
    note = {Acesso em jan. 2016}
}

@techreport{BUTLER:tec,
  author       = {Selected technologies for the BUTLER platform}, 
  author={B. Copigneaux, F. Clari, J. Galinowski, A. Ramakrishnan, D. Preuveneers, C. Götze, 
	  S. Poilinca, F. Sottile, F. Rizzo, A. Andrushevich, R. Kistler, D. Noferi, M. Valla, P.
	  Smadja, P. Enjolras, M.-A. Monjas, M. F. Salazar, A. M. Cantera, J. A. Ruiz-Ruano, F.
	  Nacabal, J. Sancho, J. Rico, L. Gurgen, C. Munilla, and M. Grella},
  institution  = {BUTLER},
  year         = 2013,
  url={www.idtechex.com/products/en/view.asp?productcategoryid=119},
  note = {Acesso em jan. 2016}
}

@inproceedings{sarnovsky2007hydra,
  title={HYDRA - network embedded system middleware for ambient intelligent devices},
  author={Sarnovsky, Martin and Butka, Peter and Kostelnik, Peter and Lackova, Dasa},
  booktitle={ICCC’2007: Proceedings of 8th Inter-national Carpathian Control Conference},
  year={2007}
}

@inproceedings{jahn2010energy,
  title={The energy aware Smart Home},
  author={Jahn, Marco and Jentsch, Marc and Prause, Christian R and Pramudianto, Ferry and Al-Akkad, Amro and Reiners, Rene},
  booktitle={Future Information Technology (FutureTech), 2010 5th International Conference on},
  pages={1--8},
  year={2010},
  organization={IEEE}
}

@article{madden2005tinydb,
  title={TinyDB: an acquisitional query processing system for sensor networks},
  author={Madden, Samuel R and Franklin, Michael J and Hellerstein, Joseph M and Hong, Wei},
  journal={ACM Transactions on database systems (TODS)},
  volume={30},
  number={1},
  pages={122--173},
  year={2005},
  publisher={ACM}
}

@Misc{IoTWork:site,
	author = {IoT@Work},
	title = {Website},
	
	howpublished = {\url{https://www.iot-at-work.eu}},
    note = {Acesso em jan. 2016}
}

@article{rotondi2011project,
  title={Project Deliverable D1. 1-State of the art and functional requirements in manufacturing and automation},
  author={Rotondi, D and others},
  journal={EU FP7 IoT@ Work, public project deliverable, Dec},
  year={2011}
}


@Misc{oracle:iot,
	author = {Oracle},
	title = {Internet of Things - Oracle Cloud},
	
	howpublished = {\url{https://cloud.oracle.com/iot}},
    note = {Acesso em jan. 2016}
}

@Misc{salesforce:iot,
	author = {Salesforce},
	title = {Internet of Things (IoT) Platform \& Software},
	
	howpublished = {\url{http://www.salesforce.com/iot-cloud/}},
    note = {Acesso em jan. 2016}
}

@Misc{ibm:iot,
	author = {IBM},
	title = {IBM Watson Internet of Things Platform (IoT)},
	
	howpublished = {\url{http://www.ibm.com/internet-of-things/}},
    note = {Acesso em jan. 2016}
}

@Misc{amazom:iot,
	author = {Amazom},
	title = {AWS IoT},
	
	howpublished = {\url{https://aws.amazon.com/pt/iot/}},
    note = {Acesso em jan. 2016}
}


@Misc{microsoft:arduino,
	author = {Arduino.cc},
	title = {MICROSOFT AND ARDUINO: NEW PARTNERSHIP ANNOUNCED TODAY},
	
	howpublished = {\url{https://blog.arduino.cc/2015/04/30/microsoft-and-arduino-new-partnership}},
    note = {Acesso em jan. 2016}
}

@Misc{microsoft:iot,
	author = {Microsoft},
	title = {Pacote do Azure IoT - Microsoft Azure},
	
	howpublished = {\url{https://azure.microsoft.com/pt-br/solutions/iot-suite/}},
    note = {Acesso em jan. 2016}
}

@Misc{intel:iot,
	author = {Intel},
	title = {The Intel® IoT Platform: Secure, Scalable, Interoperable},
	
	howpublished = {\url{http://www.intel.com/content/www/us/en/internet-of-things/iot-platform.html}},
    note = {Acesso em jan. 2016}
}

@Misc{Xively:iot,
	author = {LogMeIn, Inc},
	title = {Xively Website},
	
	howpublished = {\url{https://xively.com/}},
    note = {Acesso em jan. 2016}
}

@INPROCEEDINGS{IEEE80211ah, 
	author={Aust, S. and Prasad, R.V. and Niemegeers, I.G.M.M.}, 
	booktitle={Communications (ICC), 2012 IEEE International Conference on}, 
	title={IEEE 802.11ah: Advantages in standards and further challenges for sub 1 GHz Wi-Fi}, 
	pages={6885-6889}, 
	doi={10.1109/ICC.2012.6364903}, 
	ISSN={1550-3607}, 
	month={June},
}