% This file was created with JabRef 2.7b.
% Encoding: UTF-8

@MastersThesis{almeida07,
author = {Almeida, Leandro Maciel},
title = {Uma metodologia de busca por redes neurais artificiais quase-ótimas},
school = {UFPE},
year = {2007}
}
%%%%%%%%%%%%%%%%%%%%%%%%%%%%%%%%%%%%%%%%%%%%%%%%%%%%%%%%%%%%%%%%%%%%%%%%%%%%%%%%%%%%%%%%%%%%
@PhdThesis{almeida11,
author = {Almeida, Leandro Maciel},
title = {Construção de Sistemas de Múltiples Classificadores por meio da Hibridização e Otimização de Técnicas de Agrupamento e Classificação de Dados},
school = {UFPE},
year = {2011},
OPTkey = {},
OPTtype = {•},
OPTaddress = {•},
OPTmonth = {mar},
OPTnote = {•},
OPTannote = {•}
}
%%%%%%%%%%%%%%%%%%%%%%%%%%%%%%%%%%%%%%%%%%%%%%%%%%%%%%%%%%%%%%%%%%%%%%%%%%%%%%%%%%%%%%%%%%%%
@Article{abl78,
author = {Arabie, Phipps and Boorman, Scott A. and Levitt, Paul R.},
title = {Constructing Blockmodels: How and Why},
journal = {Journal of Mathematical Psychology},
year = {1978},
volume = {17},
pages = {21--63}
}
%%%%%%%%%%%%%%%%%%%%%%%%%%%%%%%%%%%%%%%%%%%%%%%%%%%%%%%%%%%%%%%%%%%%%%%%%%%%%%%%%%%%%%%%%%%%
@ONLINE{osgi,
author = {--},
title = {This is a test entry of type {@ONLINE}},
month = jun,
year = {2000},
url = {https://www.osgi.org/developer/architecture/}
}

@ONLINE{arduino-comp1,
author = {--},
title = {This is a test entry of type {@ONLINE}},
month = jun,
year = {2000},
url = {https://github.com/arduino/Arduino/wiki/Unofficial-list-of-3rd-party-boards-support-urls}
}

@ONLINE{arduino-comp2,
author = {--},
title = {This is a test entry of type {@ONLINE}},
month = jun,
year = {2000},
url = {https://en.wikipedia.org/wiki/List\_of\_Arduino\_boards\_and\_compatible\_systems}
}


@ONLINE{key-esp,
author = {--},
title = {This is a test entry of type {@ONLINE}},
month = jun,
year = {2000},
url = {http://www.esp8266.com}
}


@ONLINE{key-dio,
author = {--},
title = {This is a test entry of type {@ONLINE}},
month = jun,
year = {2000},
url = {http://openjdk.java.net/projects/dio/}
}


@ONLINE{key-sysfs,
author = {--},
title = {This is a test entry of type {@ONLINE}},
month = jun,
year = {2000},
url = {https://www.kernel.org/doc/Documentation/gpio/sysfs.txt}
}


@ONLINE{key-dnssd,
author = {--},
title = {This is a test entry of type {@ONLINE}},
month = jun,
year = {2000},
url = {http://www.rfc-base.org/rfc-6763.html}
}

@ONLINE{key-keepa,
author = {--},
title = {This is a test entry of type {@ONLINE}},
month = jun,
year = {2000},
url = {ftp://ftp.cs.wisc.edu/pub/paradyn/technical\_papers/rocks.pdf}
}

@Article{eventd,
author = {Eugster, P. T., Felber, P. A., Guerraoui, R.and Kermarrec, A.-M.},
title = {The many faces of publish/subscribe},
journal = {ACM Comput. Surv.},
year = {2003},
volume = {35},
number = {2},
pages = {114 – 131}
}

@Article{pool,
author = {Pietzuch, P. and Bacon, J.},
title = {Hermes: a distributed event-based middleware architecture},
journal = {Proceedings of 22nd International Conference on Distributed Computing Systems Workshops},
year = {2002},
pages = {611–618}
}



@ONLINE{key-poll2,
author = {--},
title = {This is a test entry of type {@ONLINE}},
month = jun,
year = {2000},
url = {http://dl.acm.org/citation.cfm?id=232992}
}


@ONLINE{key-isr,
author = {--},
title = {This is a test entry of type {@ONLINE}},
month = jun,
year = {2000},
url = {https://github.com/GreyGnome/EnableInterrupt/blob/master/Interrupt\%20Timing.pdf}
}




@ONLINE{key-JSR-80,
author = {--},
title = {This is a test entry of type {@ONLINE}},
month = jun,
year = {2000},
url = {https://jcp.org/en/jsr/detail?id=80}
}

@ONLINE{key-JSR-82,
author = {--},
title = {This is a test entry of type {@ONLINE}},
month = jun,
year = {2000},
url = {https://jcp.org/ja/jsr/detail?id=82}
}


@ONLINE{key-JSR-356,
author = {--},
title = {This is a test entry of type {@ONLINE}},
month = jun,
year = {2000},
url = {https://jcp.org/en/jsr/detail?id=356}
}

@ONLINE{key-ws-1,
author = {--},
title = {This is a test entry of type {@ONLINE}},
month = jun,
year = {2000},
url = {https://tools.ietf.org/html/rfc6455}
}

@ONLINE{key-ws-2,
author = {World Wide Web Consortium (W3C)},
title = {The WebSocket API},
month = dec,
year = {2015},
url = {http://dev.w3.org/html5/websockets/}
}


@ONLINE{key-arduino,
author = {M. Banzi, D. Cuartielles, T. Igoe, G. Martino,and D. Mellis}
title = {“Arduino},
month = dec,
year = {2015},
url = {http://arduino.cc/}
}